@article{liu2017creating,
  title={Creating autonomous vehicle systems},
  author={Liu, Shaoshan and Li, Liyun and Tang, Jie and Wu, Shuang and Gaudiot, Jean-Luc},
  journal={Synthesis Lectures on Computer Science},
  volume={6},
  number={1},
  pages={i--186},
  year={2017},
  publisher={Morgan \& Claypool Publishers}
}

@inproceedings{nurmi2009eucalyptus,
  title={The eucalyptus open-source cloud-computing system},
  author={Nurmi, Daniel and Wolski, Rich and Grzegorczyk, Chris and Obertelli, Graziano and Soman, Sunil and Youseff, Lamia and Zagorodnov, Dmitrii},
  booktitle={Proceedings of the 2009 9th IEEE/ACM International Symposium on Cluster Computing and the Grid},
  pages={124--131},
  year={2009},
  organization={IEEE Computer Society}
}

@article{dean2008mapreduce,
  title={MapReduce: simplified data processing on large clusters},
  author={Dean, Jeffrey and Ghemawat, Sanjay},
  journal={Communications of the ACM},
  volume={51},
  number={1},
  pages={107--113},
  year={2008},
  publisher={ACM}
}


@article{shi2016edge,
  title={Edge computing: Vision and challenges},
  author={Shi, Weisong and Cao, Jie and Zhang, Quan and Li, Youhuizi and Xu, Lanyu},
  journal={IEEE Internet of Things Journal},
  volume={3},
  number={5},
  pages={637--646},
  year={2016},
  publisher={IEEE}
}

@misc{2019unity3d,
  author = {{U}nity Technologies},
  title = {Unity real-time 3D development platform.},
  note={\url{https://unity.com/learn}},
  year = {2019}
}

@misc{sdsandbox,
  author = {Tawn Kramer},
  title = {GIT PROJECT sdsandbox.},
  note={\url{https://github.com/tawnkramer/sdsandbox}},
  year = {2019}
}

@misc{tul2019tulpynqz2,
  author = {{T}UL Corporation},
  title = {TUL PYNQ-Z2 Board Based on Xilinx Zynq SoC.},
  note={\url{http://www.tul.com.tw/ProductsPYNQ-Z2.html}},
  year = {2019}
}

@misc{2019artix,
  author = {Digi-Key Electronics},
  title = {Artix-7 FPGA of Xilinx Tutorial.},
  note={\url{https://www.digikey.sg/en/product-highlight/x/xilinx/artix-7-fpga}},
  year = {2019}
}

@misc{2019arma9,
  author = {{A}rm Limited (or its affiliates)},
  title = {Arm Cortex-A9.},
  note={\url{https://developer.arm.com/ip-products/processors/cortex-a/cortex-a9}},
  year = {2019}
}

@inproceedings{wang2019hydraone,
  title={HydraOne: An indoor experimental research and education platform for CAVs},
  author={Wang, Yifan and Liu, Liangkai and Zhang, Xingzhou and Shi, Weisong},
  booktitle={2nd $\{$USENIX$\}$ Workshop on Hot Topics in Edge Computing (HotEdge 19)},
  year={2019}
}

@inproceedings{wei2013towards,
  title={Towards a viable autonomous driving research platform},
  author={Wei, Junqing and Snider, Jarrod M and Kim, Junsung and Dolan, John M and Rajkumar, Raj and Litkouhi, Bakhtiar},
  booktitle={2013 IEEE Intelligent Vehicles Symposium (IV)},
  pages={763--770},
  year={2013},
  organization={IEEE}
}

@article{o2019f1,
  title={F1/10: An Open-Source Autonomous Cyber-Physical Platform},
  author={O'Kelly, Matthew and Sukhil, Varundev and Abbas, Houssam and Harkins, Jack and Kao, Chris and Pant, Yash Vardhan and Mangharam, Rahul and Agarwal, Dipshil and Behl, Madhur and Burgio, Paolo and others},
  journal={arXiv preprint arXiv:1901.08567},
  year={2019}
}

@inproceedings{nurvitadhi2016accelerating,
  title={Accelerating binarized neural networks: Comparison of FPGA, CPU, GPU, and ASIC},
  author={Nurvitadhi, Eriko and Sheffield, David and Sim, Jaewoong and Mishra, Asit and Venkatesh, Ganesh and Marr, Debbie},
  booktitle={2016 International Conference on Field-Programmable Technology (FPT)},
  pages={77--84},
  year={2016},
  organization={IEEE}
}

@misc{cudnn,
  author = {{NVIDIA Corporation}},
  title = {{NVIDIA} {D}eep {L}earning {SDK} {T}raining {L}ibrary},
  note={\url{https://docs.nvidia.com/deeplearning/sdk/index.html\#training}},
  year = {2019}
}

@misc{tensorrt,
  author = {{NVIDIA Corporation}},
  title = {{NVIDIA} {TensorRT}: Programmable Inference Accelerator.},
  note={\url{https://developer.nvidia.com/tensorrt}},
  year = {2019}
}

@misc{techradar,
  author = {Joe Osborne},
  title = {Google's Tensor Processing Unit explained: this is what the future of computing looks like.},
  note={\url{https://www.techradar.com/news/computing-components/processors/google-s-tensor-processing-unit-explained-this-is-what-the-future-of-computing-looks-like-1326915}},
  year = {2016}
}

@misc{tensorprocessingunit,
  author = {{Wikipedia}},
  title = {{Wiki} {TENSOR} {P}rocessing {U}nit .},
  note={\url{https://en.wikipedia.org/wiki/Tensor\_processing\_unit}},
  year = {2019}
}

@misc{dnndk,
  author = {{X}ilinx {T}eam},
  title = {{X}ilinx - {A}daptable {I}ntelligent .},
  note={\url{https://www.xilinx.com/support/documentation/sw\_manuals/}},
  year = {2019}
}

@book{aastrom1995pid,
  title={PID controllers: theory, design, and tuning},
  author={{\AA}str{\"o}m, Karl Johan and H{\"a}gglund, Tore},
  volume={2},
  year={1995},
  publisher={Instrument society of America Research Triangle Park, NC}
}

@book{producerconsumer,
  title={Operating systems: Three easy pieces},
  author={Arpaci-Dusseau, Remzi H and Arpaci-Dusseau, Andrea C},
  year={2018},
  publisher={Arpaci-Dusseau Books LLC}
}

@inproceedings{quigley2009ros,
  title={ROS: an open-source Robot Operating System},
  author={Quigley, Morgan and Conley, Ken and Gerkey, Brian and Faust, Josh and Foote, Tully and Leibs, Jeremy and Wheeler, Rob and Ng, Andrew Y},
  booktitle={ICRA workshop on open source software},
  volume={3},
  number={3.2},
  pages={5},
  year={2009},
  organization={Kobe, Japan}
}

@misc{opencv,
  author = {{OpenCV Team}},
  title = {{OpenCV}: Open Source Computer Vision Library.},
  note={\url{https://opencv.org/}},
  year = {2019}
}

@article{bojarski2016end,
  title={End to end learning for self-driving cars},
  author={Bojarski, Mariusz and Del Testa, Davide and Dworakowski, Daniel and Firner, Bernhard and Flepp, Beat and Goyal, Prasoon and Jackel, Lawrence D and Monfort, Mathew and Muller, Urs and Zhang, Jiakai and others},
  journal={arXiv preprint arXiv:1604.07316},
  year={2016}
}

@article{chi2017deep,
  title={Deep steering: Learning end-to-end driving model from spatial and temporal visual cues},
  author={Chi, Lu and Mu, Yadong},
  journal={arXiv preprint arXiv:1708.03798},
  year={2017}
}

@article{eraqi2017end,
  title={End-to-end deep learning for steering autonomous vehicles considering temporal dependencies},
  author={Eraqi, Hesham M and Moustafa, Mohamed N and Honer, Jens},
  journal={arXiv preprint arXiv:1710.03804},
  year={2017}
}

@inproceedings{kendall2019learning,
  title={Learning to drive in a day},
  author={Kendall, Alex and Hawke, Jeffrey and Janz, David and Mazur, Przemyslaw and Reda, Daniele and Allen, John-Mark and Lam, Vinh-Dieu and Bewley, Alex and Shah, Amar},
  booktitle={2019 International Conference on Robotics and Automation (ICRA)},
  pages={8248--8254},
  year={2019},
  organization={IEEE}
}

@misc{keras,
  author = {{Keras Team}},
  title = {Keras: The Python Deep Learning library.},
  note={\url{https://keras.io}},
  year = {2019}
}

@article{canny1986computational,
  title={A computational approach to edge detection},
  author={Canny, John},
  journal={IEEE Transactions on pattern analysis and machine intelligence},
  number={6},
  pages={679--698},
  year={1986},
  publisher={Ieee}
}

@article{burns1986extracting,
  title={Extracting straight lines},
  author={Burns, J Brian and Hanson, Allen R and Riseman, Edward M},
  journal={IEEE transactions on pattern analysis and machine intelligence},
  number={4},
  pages={425--455},
  year={1986},
  publisher={IEEE}
}

@article{selim1984k,
  title={K-means-type algorithms: A generalized convergence theorem and characterization of local optimality},
  author={Selim, Shokri Z and Ismail, Mohamed A},
  journal={IEEE Transactions on pattern analysis and machine intelligence},
  number={1},
  pages={81--87},
  year={1984},
  publisher={IEEE}
}

@inproceedings{wang2014approach,
  title={An approach of lane detection based on inverse perspective mapping},
  author={Wang, Jun and Mei, Tao and Kong, Bin and Wei, Hu},
  booktitle={17th International IEEE Conference on Intelligent Transportation Systems (ITSC)},
  pages={35--38},
  year={2014},
  organization={IEEE}
}

@misc{xfopencv,
  author = {{Xilinx}},
  title = {{xfOpenCV Library.}},
  note={\url{https://github.com/Xilinx/xfopencv}},
  year = {2019}
}

@inproceedings{hanbury20033d,
  title={A 3D-polar coordinate colour representation well adapted to image analysis},
  author={Hanbury, Allan},
  booktitle={Scandinavian Conference on Image Analysis},
  pages={804--811},
  year={2003},
  organization={Springer}
}

@article{rizon2005object,
  title={Object detection using circular Hough transform},
  author={Rizon, Mohamed and Yazid, Haniza and Saad, Puteh and Shakaff, Ali Yeon Md and Saad, Abdul Rahman and Sugisaka, Masanori and Yaacob, Sazali and Mamat, M Rozailan and Karthigayan, M},
  year={2005},
  publisher={Citeseer}
}

@misc{tensorflow,
  author = {{Tensorflow Team}},
  title = {{T}ensorflow An end-to-end open source machine learning platform.},
  note={\url{https://www.tensorflow.org}},
  year = {2019}
}

@misc{donkeycar,
  author = {{Donkey Car Team}},
  title = {{D}onkey {C}ar.},
  note={\url{https://www.donkeycar.com}},
  year = {2019}
}

@misc{rosmelodic,
  author = {{ROS Team}},
  title = {{ROS} {M}elodic the twelfth ROS distribution release.},
  note={\url{http://wiki.ros.org/melodic/}},
  year = {2019}
}

@misc{leishen,
  author = {{LeiShen Intelligent System Team}},
  title = {{L}ei{S}hen {L}idar {LS01D} .},
  note={\url{https://github.com/leishen-lidar/LS01D}},
  year = {2019}
}

@misc{rviz,
  author = {{ROS Team}},
  title = {{Wiki} {RV}iz the 3D visualization tool for ROS.},
  note={\url{http://wiki.ros.org/rviz}},
  year = {2019}
}

@techreport{wu2019end,
  title={An End-to-End solution to Autonomous Driving based on Xilinx FPGA},
  author={Wu, Tianze and Liu, Weiyi and Jin, Yongwei},
  year={2019},
  institution={EasyChair}
}

@misc{zynq,
  author = {{X}ilinx},
  title = {Zynq-7000 SoC Product.},
  note={\url{https://www.xilinx.com/products/silicon-devices/soc/zynq-7000.html}},
  year = {2019}
}

@article{redmon2018yolov3,
  title={Yolov3: An incremental improvement},
  author={Redmon, Joseph and Farhadi, Ali},
  journal={arXiv preprint arXiv:1804.02767},
  year={2018}
}